@misc{CS231n,
  title         = {CS231n: Convolutional Neural Networks for Visual Recognition},
  author        = {{Andrej Karpathy}},
  howpublished  = {\url{https://cs231n.github.io/}}
}

@inproceedings{krizhevsky2012imagenet,
  title     = {{ImageNet classification with deep convolutional neural networks}},
  author    = {Krizhevsky, Alex and Sutskever, Ilya and Hinton, Geoffrey E},
  booktitle = {Advances in neural information processing systems},
  pages     = {1097--1105},
  year      = {2012}
}

@article{srivastava2014dropout,
  title     = {{Dropout: a simple way to prevent neural networks from overfitting.}},
  author    = {Srivastava, Nitish and Hinton, Geoffrey E and Krizhevsky, Alex and Sutskever, Ilya and Salakhutdinov, Ruslan},
  journal   = {Journal of Machine Learning Research},
  volume    = {15},
  number    = {1},
  pages     = {1929--1958},
  year      = {2014}
}